
@book{darwin1871,
	title = {The Descent of Man, and Selection in Relation to Sex},
	author = {{Darwin}, {Charles}},
	year = {1871},
	date = {1871},
	publisher = {John Murray},
	edition = {1st},
	address = {London}
}

@book{oakley1949,
	title = {Man the Toolmaker},
	author = {{Oakley}, {Kenneth P.}},
	year = {1949},
	date = {1949},
	publisher = {Trustees of the British Museum},
	address = {London}
}

@article{washburn1960,
	title = {Tools and Human Evolution},
	author = {{Washburn}, {Sherwood L.}},
	year = {1960},
	month = {09},
	date = {1960-09-01},
	journal = {Scientific American},
	pages = {62--75},
	volume = {203},
	number = {3},
	doi = {10.1038/scientificamerican0960-62},
	url = {http://adsabs.harvard.edu/abs/1960SciAm.203c..62W}
}

@article{isaac1976,
	title = {Stages of Cultural Elaboration in the Pleistocene: Possible Archaeological Indicators of the Development of Language Capabilities},
	author = {{Isaac}, {Glynn L.}},
	year = {1976},
	date = {1976},
	journal = {Annals of the New York Academy of Sciences},
	pages = {275--288},
	volume = {280},
	number = {1},
	doi = {10.1111/j.1749-6632.1976.tb25494.x},
	url = {https://nyaspubs.onlinelibrary.wiley.com/doi/abs/10.1111/j.1749-6632.1976.tb25494.x},
	note = {{\_}eprint: https://nyaspubs.onlinelibrary.wiley.com/doi/pdf/10.1111/j.1749-6632.1976.tb25494.x},
	langid = {en}
}

@article{wynn1979,
	title = {The Intelligence of Later Acheulean Hominids},
	author = {{Wynn}, {Thomas}},
	year = {1979},
	date = {1979},
	journal = {Man},
	pages = {371--391},
	volume = {14},
	number = {3},
	doi = {10.2307/2801865},
	url = {https://www.jstor.org/stable/2801865},
	note = {Publisher: [Wiley, Royal Anthropological Institute of Great Britain and Ireland]}
}

@article{gowlett1984,
	title = {Mental abilities of early man: A look at some hard evidence},
	author = {{Gowlett}, {John A. J.}},
	year = {1984},
	date = {1984},
	journal = {Higher Education Quarterly},
	pages = {199--220},
	volume = {38},
	number = {3},
	doi = {10.1111/j.1468-2273.1984.tb01387.x},
	url = {https://onlinelibrary.wiley.com/doi/abs/10.1111/j.1468-2273.1984.tb01387.x},
	note = {{\_}eprint: https://onlinelibrary.wiley.com/doi/pdf/10.1111/j.1468-2273.1984.tb01387.x},
	langid = {en}
}

@article{wynn2004,
	title = {The expert Neandertal mind},
	author = {{Wynn}, {Thomas} and {Coolidge}, {Frederick L.}},
	year = {2004},
	month = {04},
	date = {2004-04},
	journal = {Journal of Human Evolution},
	pages = {467--487},
	volume = {46},
	number = {4},
	doi = {10.1016/j.jhevol.2004.01.005},
	note = {PMID: 15066380},
	langid = {eng}
}

@article{roux1995,
	title = {Skills and learning difficulties involved in stone knapping: The case of stone{-}bead knapping in Khambhat, India},
	author = {{Roux}, {Valentine} and {Bril}, {Blandine} and {Dietrich}, {Gilles}},
	year = {1995},
	month = {06},
	date = {1995-06-01},
	journal = {World Archaeology},
	pages = {63--87},
	volume = {27},
	number = {1},
	doi = {10.1080/00438243.1995.9980293},
	url = {https://doi.org/10.1080/00438243.1995.9980293},
	note = {Publisher: Routledge
{\_}eprint: https://doi.org/10.1080/00438243.1995.9980293}
}

@article{stout2002,
	title = {Skill and Cognition in Stone Tool Production: An Ethnographic Case Study from Irian Jaya},
	author = {{Stout}, {Dietrich}},
	year = {2002},
	month = {12},
	date = {2002-12-01},
	journal = {Current Anthropology},
	pages = {693--722},
	volume = {43},
	number = {5},
	doi = {10.1086/342638},
	url = {https://www.journals.uchicago.edu/doi/abs/10.1086/342638},
	note = {Publisher: The University of Chicago Press}
}

@article{stout2005,
	title = {Raw material selectivity of the earliest stone toolmakers at Gona, Afar, Ethiopia},
	author = {{Stout}, {Dietrich} and {Quade}, {Jay} and {Semaw}, {Sileshi} and {Rogers}, {Michael J.} and {Levin}, {Naomi E.}},
	year = {2005},
	month = {04},
	date = {2005-04-01},
	journal = {Journal of Human Evolution},
	pages = {365--380},
	volume = {48},
	number = {4},
	doi = {10.1016/j.jhevol.2004.10.006},
	url = {https://www.sciencedirect.com/science/article/pii/S0047248404001691},
	langid = {en}
}

@article{geribàs2010,
	title = {What novice knappers have to learn to become expert stone toolmakers},
	author = {{Geribàs}, {Núria} and {Mosquera}, {Marina} and {Vergès}, {Josep Maria}},
	year = {2010},
	month = {11},
	date = {2010-11-01},
	journal = {Journal of Archaeological Science},
	pages = {2857--2870},
	volume = {37},
	number = {11},
	doi = {10.1016/j.jas.2010.06.026},
	url = {https://www.sciencedirect.com/science/article/pii/S0305440310002232},
	langid = {en}
}

@article{nonaka2010,
	title = {How do stone knappers predict and control the outcome of flaking? Implications for understanding early stone tool technology},
	author = {{Nonaka}, {Tetsushi} and {Bril}, {Blandine} and {Rein}, {Robert}},
	year = {2010},
	month = {08},
	date = {2010-08-01},
	journal = {Journal of Human Evolution},
	pages = {155--167},
	volume = {59},
	number = {2},
	doi = {10.1016/j.jhevol.2010.04.006},
	url = {https://www.sciencedirect.com/science/article/pii/S0047248410000722},
	langid = {en}
}

@article{stout2011,
	title = {Technology, expertise and social cognition in human evolution},
	author = {{Stout}, {Dietrich} and {Passingham}, {Richard} and {Frith}, {Christopher} and {Apel}, {Jan} and {Chaminade}, {Thierry}},
	year = {2011},
	month = {04},
	date = {2011-04},
	journal = {The European Journal of Neuroscience},
	pages = {1328--1338},
	volume = {33},
	number = {7},
	doi = {10.1111/j.1460-9568.2011.07619.x},
	note = {PMID: 21375598},
	langid = {eng}
}

@article{putt2014,
	title = {The Role of Verbal Interaction During Experimental Bifacial Stone Tool Manufacture},
	author = {{Putt}, {Shelby S.} and {Woods}, {Alexander D.} and {Franciscus}, {Robert G.}},
	year = {2014},
	month = {07},
	date = {2014-07-01},
	journal = {Lithic Technology},
	pages = {96--112},
	volume = {39},
	number = {2},
	doi = {10.1179/0197726114Z.00000000036},
	url = {https://doi.org/10.1179/0197726114Z.00000000036}
}

@article{hecht2015,
	title = {Acquisition of Paleolithic toolmaking abilities involves structural remodeling to inferior frontoparietal regions},
	author = {{Hecht}, {E. E.} and {Gutman}, {D. A.} and {Khreisheh}, {N.} and {Taylor}, {S. V.} and {Kilner}, {J.} and {Faisal}, {A. A.} and {Bradley}, {B. A.} and {Chaminade}, {T.} and {Stout}, {D.}},
	year = {2015},
	month = {07},
	date = {2015-07-01},
	journal = {Brain Structure and Function},
	pages = {2315--2331},
	volume = {220},
	number = {4},
	doi = {10.1007/s00429-014-0789-6},
	url = {https://doi.org/10.1007/s00429-014-0789-6},
	langid = {en}
}

@article{duke2015,
	title = {Weaving Simple Solutions to Complex Problems: An Experimental Study of Skill in Bipolar Cobble-Splitting},
	author = {{Duke}, {Hilary} and {Pargeter}, {Justin}},
	year = {2015},
	month = {10},
	date = {2015-10-02},
	journal = {Lithic Technology},
	pages = {349--365},
	volume = {40},
	number = {4},
	doi = {10.1179/2051618515Y.0000000016},
	url = {https://doi.org/10.1179/2051618515Y.0000000016}
}

@article{morgan2015,
	title = {Experimental evidence for the co-evolution of hominin tool-making teaching and language},
	author = {{Morgan}, {T. J. H.} and {Uomini}, {N. T.} and {Rendell}, {L. E.} and {Chouinard-Thuly}, {L.} and {Street}, {S. E.} and {Lewis}, {H. M.} and {Cross}, {C. P.} and {Evans}, {C.} and {Kearney}, {R.} and {de la Torre}, {I.} and {Whiten}, {A.} and {Laland}, {K. N.}},
	year = {2015},
	month = {01},
	date = {2015-01-13},
	journal = {Nature Communications},
	pages = {6029},
	volume = {6},
	number = {1},
	doi = {10.1038/ncomms7029},
	url = {https://www.nature.com/articles/ncomms7029},
	note = {Number: 1
Publisher: Nature Publishing Group},
	langid = {en}
}

@article{stout2015,
	title = {Skill Learning and Human Brain Evolution: An Experimental Approach},
	author = {{Stout}, {Dietrich} and {Khreisheh}, {Nada}},
	year = {2015},
	month = {11},
	date = {2015-11},
	journal = {Cambridge Archaeological Journal},
	pages = {867--875},
	volume = {25},
	number = {4},
	doi = {10.1017/S0959774315000359},
	url = {https://www.cambridge.org/core/journals/cambridge-archaeological-journal/article/abs/skill-learning-and-human-brain-evolution-an-experimental-approach/2A8EAE196CD78FE4B4CA344316C23F9C},
	note = {Publisher: Cambridge University Press},
	langid = {en}
}

@article{lombao2017,
	title = {Teaching to make stone tools: new experimental evidence supporting a technological hypothesis for the origins of language},
	author = {{Lombao}, {D.} and {Guardiola}, {M.} and {Mosquera}, {M.}},
	year = {2017},
	month = {10},
	date = {2017-10-31},
	journal = {Scientific Reports},
	pages = {1--14},
	volume = {7},
	number = {1},
	doi = {10.1038/s41598-017-14322-y},
	url = {https://www.nature.com/articles/s41598-017-14322-y},
	langid = {en}
}

@article{putt2017,
	title = {The functional brain networks that underlie Early Stone Age tool manufacture},
	author = {{Putt}, {Shelby S.} and {Wijeakumar}, {Sobanawartiny} and {Franciscus}, {Robert G.} and {Spencer}, {John P.}},
	year = {2017},
	month = {05},
	date = {2017-05-08},
	journal = {Nature Human Behaviour},
	pages = {1--8},
	volume = {1},
	number = {6},
	doi = {10.1038/s41562-017-0102},
	url = {https://www.nature.com/articles/s41562-017-0102},
	note = {Number: 6
Publisher: Nature Publishing Group},
	langid = {en}
}

@article{cataldo2018,
	title = {Speech, stone tool-making and the evolution of language},
	author = {{Cataldo}, {Dana Michelle} and {Migliano}, {Andrea Bamberg} and {Vinicius}, {Lucio}},
	year = {2018},
	month = {01},
	date = {2018-01-19},
	journal = {PLOS ONE},
	pages = {e0191071},
	volume = {13},
	number = {1},
	doi = {10.1371/journal.pone.0191071},
	url = {https://journals.plos.org/plosone/article?id=10.1371/journal.pone.0191071},
	note = {Publisher: Public Library of Science},
	langid = {en}
}

@article{putt2019,
	title = {Prefrontal cortex activation supports the emergence of early stone age toolmaking skill},
	author = {{Putt}, {Shelby S.} and {Wijeakumar}, {Sobanawartiny} and {Spencer}, {John P.}},
	year = {2019},
	month = {10},
	date = {2019-10-01},
	journal = {NeuroImage},
	pages = {57--69},
	volume = {199},
	doi = {10.1016/j.neuroimage.2019.05.056},
	url = {https://www.sciencedirect.com/science/article/pii/S1053811919304483},
	langid = {en}
}

@article{pargeter2019,
	title = {Going big versus going small: Lithic miniaturization in hominin lithic technology},
	author = {{Pargeter}, {Justin} and {Shea}, {John J.}},
	year = {2019},
	date = {2019},
	journal = {Evolutionary Anthropology: Issues, News, and Reviews},
	pages = {72--85},
	volume = {28},
	number = {2},
	doi = {10.1002/evan.21775},
	url = {https://onlinelibrary.wiley.com/doi/abs/10.1002/evan.21775},
	note = {{\_}eprint: https://onlinelibrary.wiley.com/doi/pdf/10.1002/evan.21775},
	langid = {en}
}

@article{pargeter2020,
	title = {Knowledge vs. know-how? Dissecting the foundations of stone knapping skill},
	author = {{Pargeter}, {Justin} and {Khreisheh}, {Nada} and {Shea}, {John J.} and {Stout}, {Dietrich}},
	year = {2020},
	month = {08},
	date = {2020-08-01},
	journal = {Journal of Human Evolution},
	pages = {102807},
	volume = {145},
	doi = {10.1016/j.jhevol.2020.102807},
	url = {https://www.sciencedirect.com/science/article/pii/S0047248420300683},
	langid = {en}
}

@article{rein2014,
	title = {Movement Pattern Variability in Stone Knapping: Implications for the Development of Percussive Traditions},
	author = {{Rein}, {Robert} and {Nonaka}, {Tetsushi} and {Bril}, {Blandine}},
	year = {2014},
	month = {11},
	date = {2014-11-26},
	journal = {PLOS ONE},
	pages = {e113567},
	volume = {9},
	number = {11},
	doi = {10.1371/journal.pone.0113567},
	url = {https://journals.plos.org/plosone/article?id=10.1371/journal.pone.0113567},
	note = {Publisher: Public Library of Science},
	langid = {en}
}

@article{stout2019,
	title = {Archaeology and the Origins of Human Cumulative Culture: A Case Study from the Earliest Oldowan at Gona, Ethiopia},
	author = {{Stout}, {Dietrich} and {Rogers}, {Michael J.} and {Jaeggi}, {Adrian V.} and {Semaw}, {Sileshi}},
	year = {2019},
	month = {06},
	date = {2019-06-01},
	journal = {Current Anthropology},
	pages = {309--340},
	volume = {60},
	number = {3},
	doi = {10.1086/703173},
	url = {https://www.journals.uchicago.edu/doi/full/10.1086/703173},
	note = {Publisher: The University of Chicago Press}
}

@article{tehrani2008,
	title = {Towards an archaeology of pedagogy: learning, teaching and the generation of material culture traditions},
	author = {{Tehrani}, {Jamshid J.} and {Riede}, {Felix}},
	year = {2008},
	month = {09},
	date = {2008-09-01},
	journal = {World Archaeology},
	pages = {316--331},
	volume = {40},
	number = {3},
	doi = {10.1080/00438240802261267},
	url = {https://doi.org/10.1080/00438240802261267},
	note = {Publisher: Routledge
{\_}eprint: https://doi.org/10.1080/00438240802261267}
}

@inbook{wilkins2018,
	title = {The Point is the Point: Emulative social learning and weapon manufacture in the Middle Stone Age of South Africa},
	author = {{Wilkins}, {Jayne}},
	editor = {{O'Brien}, {Michael J.} and {Buchanan}, {Briggs} and {Eren}, {Metin I.}},
	year = {2018},
	month = {04},
	date = {2018-04-27},
	publisher = {The MIT Press},
	pages = {153--174},
	note = {Google-Books-ID: IptXDwAAQBAJ},
	address = {Cambridge, MA},
	langid = {en}
}

@article{ohnuma1997,
	title = {Transmission of Tool-making through Verbal and Non-verbal Commu-nication: Preliminary Experiments in Levallois Flake Production},
	author = {{Ohnuma}, {Katsuhiko} and {Aoki}, {Kenichi} and {Akazawa}, {And Takeru}},
	year = {1997},
	date = {1997},
	journal = {Anthropological Science},
	pages = {159--168},
	volume = {105},
	number = {3},
	doi = {10.1537/ase.105.159}
}
